<?xml version="1.0" encoding="UTF-8"?><collection xmlns="http://www.loc.gov/MARC21/slim"><record><leader>00499nam--2200169-i-4500</leader><controlfield tag="001">000010481</controlfield><controlfield tag="002">20161230</controlfield><controlfield tag="005">20161230201028</controlfield><controlfield tag="008">060222s1000------------r-----000-0-eng-d</controlfield><datafield ind1=" " ind2=" " tag="040"><subfield code="a">IFIN-HH</subfield></datafield><datafield ind1=" " ind2=" " tag="080"><subfield code="a">015:539.144.4:546.92</subfield></datafield><datafield ind1="1" ind2=" " tag="100"><subfield code="a">Benson, Gerald Don</subfield></datafield><datafield ind1="1" ind2="0" tag="245"><subfield code="a">The nuclear energy levels of 192pt and 194pt</subfield><subfield code="b">Dissertation</subfield><subfield code="c">Gerald don benson</subfield></datafield><datafield ind1=" " ind2=" " tag="260"><subfield code="a">Ann Ardor, Michigan</subfield><subfield code="b">University Microfilms</subfield><subfield code="c">1971</subfield></datafield><datafield ind1=" " ind2=" " tag="300"><subfield code="a">VIII+135 P</subfield></datafield><datafield ind1=" " ind2=" " tag="852"><subfield code="a">37860</subfield><subfield code="c">539.14</subfield></datafield><datafield ind1=" " ind2=" " tag="CAT"><subfield code="a">Sys</subfield><subfield code="c">20120328</subfield><subfield code="h">154126</subfield></datafield></record></collection>